@article{Ghosh2020,
  title = {Chirality-dependent planar Hall effect in inhomogeneous Weyl semimetals},
  author = {Ghosh, Suvendu and Sinha, Debabrata and Nandy, Snehasish and Taraphder, A.},
  journal = {Phys. Rev. B},
  volume = {102},
  issue = {12},
  pages = {121105},
  numpages = {6},
  year = {2020},
  month = {Sep},
  publisher = {American Physical Society},
  doi = {10.1103/PhysRevB.102.121105},
  url = {https://link.aps.org/doi/10.1103/PhysRevB.102.121105}
}

@article{Roy2018,
  doi = {10.1088/2053-1583/aaa577},
  url = {https://dx.doi.org/10.1088/2053-1583/aaa577},
  year = {2018},
  month = {jan},
  publisher = {IOP Publishing},
  volume = {5},
  number = {2},
  pages = {024001},
  author = {Sthitadhi Roy and Michael Kolodrubetz and Nathan Goldman and Adolfo G Grushin},
  title = {Tunable axial gauge fields in engineered Weyl semimetals: semiclassical analysis and optical lattice implementations},
  journal = {2D Materials},
  abstract = {In this work, we describe a toolbox to realize and probe synthetic axial gauge fields in engineered Weyl semimetals. These synthetic electromagnetic fields, which are sensitive to the chirality associated with Weyl nodes, emerge due to spatially and temporally dependent shifts of the corresponding Weyl momenta. First, we introduce two realistic models, inspired by recent cold-atom developments, which are particularly suitable for the exploration of these synthetic axial gauge fields. Second, we describe how to realize and measure the effects of such axial fields through center-of-mass observables, based on semiclassical equations of motion and exact numerical simulations. In particular, we suggest realistic protocols to reveal an axial Hall response due to the axial electric field , as well as axial cyclotron orbits and chiral pseudo-magnetic effect due to the axial magnetic field .}
}


@article{Gorbar2017,
  title = {Pseudomagnetic lens as a valley and chirality splitter in Dirac and Weyl materials},
  author = {Gorbar, E. V. and Miransky, V. A. and Shovkovy, I. A. and Sukhachov, P. O.},
  journal = {Phys. Rev. B},
  volume = {95},
  issue = {24},
  pages = {241114},
  numpages = {5},
  year = {2017},
  month = {Jun},
  publisher = {American Physical Society},
  doi = {10.1103/PhysRevB.95.241114},
  url = {https://link.aps.org/doi/10.1103/PhysRevB.95.241114}
}

@article{MStone,
   title="{Berry phase, Lorentz covariance, and anomalous velocity for Dirac and Weyl particles}",
   volume={91},
   ISSN={1550-2368},
   url={http://dx.doi.org/10.1103/PhysRevD.91.025004},
   DOI={10.1103/physrevd.91.025004},
   journal={Physical Review D},
   publisher={American Physical Society (APS)},
   author={Stone, Michael and Dwivedi, Vatsal and Zhou, Tianci},
   year={2015},
   month={Jan}
}

@article{Fukushima,
  title = {Eddy magnetization from the chiral Barnett effect},
  author = {Fukushima, Kenji and Pu, Shi and Qiu, Zebin},
  journal = {Phys. Rev. A},
  volume = {99},
  issue = {3},
  pages = {032105},
  numpages = {8},
  year = {2019},
  month = {Mar},
  publisher = {American Physical Society},
  doi = {10.1103/PhysRevA.99.032105},
  url = {https://link.aps.org/doi/10.1103/PhysRevA.99.032105}
}


@article{Iyer07,
   title={Light’s bending angle due to black holes: from the photon sphere to infinity},
   volume={39},
   ISSN={1572-9532},
   url={http://dx.doi.org/10.1007/s10714-007-0481-8},
   DOI={10.1007/s10714-007-0481-8},
   journal={General Relativity and Gravitation},
   publisher={Springer Science and Business Media LLC},
   author={Iyer, S. V. and Petters, A. O.},
   year={2007},
   month={Jul},
   pages={1563–1582} }
   
   @article{Stone15,
  title = "{Wigner Translations and the Observer Dependence of the Position of Massless Spinning Particles}",
  author = {Stone, Michael and Dwivedi, Vatsal and Zhou, Tianci},
  journal = {Phys. Rev. Lett.},
  volume = {114},
  issue = {21},
  pages = {210402},
  numpages = {6},
  year = {2015},
  month = {May},
  publisher = {American Physical Society},
  doi = {10.1103/PhysRevLett.114.210402},
  url = {https://link.aps.org/doi/10.1103/PhysRevLett.114.210402}
}


@article{Stone16,
   title="{Berry phase and anomalous velocity of Weyl fermions and Maxwell photons}",
   volume={30},
   ISSN={1793-6578},
   url={http://dx.doi.org/10.1142/S0217979215502495},
   DOI={10.1142/s0217979215502495},
   journal={International Journal of Modern Physics B},
   publisher={World Scientific Pub Co Pte Lt},
   author={Stone, Michael},
   year={2016},
   month={Jan},
   pages={1550249} }


@article{Yang_2015,
  title = "{Chirality-Dependent Hall Effect and Antisymmetric Magnetoresistance in a Magnetic Weyl Semimetal}",
  author = {Jiang, Bingyan and Wang, Lujunyu and Bi, Ran and Fan, Juewen and Zhao, Jiaji and Yu, Dapeng and Li, Zhilin and Wu, Xiaosong},
  journal = {Phys. Rev. Lett.},
  volume = {126},
  issue = {23},
  pages = {236601},
  numpages = {6},
  year = {2021},
  month = {Jun},
  publisher = {American Physical Society},
  doi = {10.1103/PhysRevLett.126.236601},
  url = {https://link.aps.org/doi/10.1103/PhysRevLett.126.236601}
}


@article{Heidari20,
  title = "{Chiral Hall effect in strained Weyl semimetals}",
  author = {Heidari, Shiva and Asgari, Reza},
  journal = {Phys. Rev. B},
  volume = {101},
  issue = {16},
  pages = {165309},
  numpages = {7},
  year = {2020},
  month = {Apr},
  publisher = {American Physical Society},
  doi = {10.1103/PhysRevB.101.165309},
  url = {https://link.aps.org/doi/10.1103/PhysRevB.101.165309}
}


@article{Jiang15,
  title = "{Topological Imbert-Fedorov Shift in Weyl Semimetals}",
  author = {Jiang, Qing-Dong and Jiang, Hua and Liu, Haiwen and Sun, Qing-Feng and Xie, X. C.},
  journal = {Phys. Rev. Lett.},
  volume = {115},
  issue = {15},
  pages = {156602},
  numpages = {5},
  year = {2015},
  month = {Oct},
  publisher = {American Physical Society},
  doi = {10.1103/PhysRevLett.115.156602},
  url = {https://link.aps.org/doi/10.1103/PhysRevLett.115.156602}
}

@article{Ma19,
  title = "{Planar Hall effect in tilted Weyl semimetals}",
  author = {Ma, Da and Jiang, Hua and Liu, Haiwen and Xie, X. C.},
  journal = {Phys. Rev. B},
  volume = {99},
  issue = {11},
  pages = {115121},
  numpages = {7},
  year = {2019},
  month = {Mar},
  publisher = {American Physical Society},
  doi = {10.1103/PhysRevB.99.115121},
  url = {https://link.aps.org/doi/10.1103/PhysRevB.99.115121}
}


@article{Kundu_2020,
	doi = {10.1088/1367-2630/aba98d},
	url = {https://doi.org/10.1088/1367-2630/aba98d},
	year = 2020,
	month = {aug},
	publisher = {{IOP} Publishing},
	volume = {22},
	pages = {083081},
	author = {Anirban Kundu and Zhuo Bin Siu and Hyunsoo Yang and Mansoor B A Jalil},
	title = "{Magnetotransport of Weyl semimetals with tilted Dirac cones}",
	journal = {New Journal of Physics}}
	
	@article{Yesilyurt19,
    author = "Yesilyurt, Can and Siu, Zhuo Bin and Tan, Seng Ghee and Liang, Gengchiau and Yang, Shengyuan A. and Jalil, Mansoor B. A.",
    title = "{Electrically tunable valley polarization in Weyl semimetals with tilted energy dispersion}",
    doi = "10.1038/s41598-019-40947-2",
    journal = "Sci. Rep.",
    volume = "9",
    pages = "4480",
    year = "2019"
}

@article{QDJiang16,
  title = "{Chiral wave-packet scattering in Weyl semimetals}",
  author = {Jiang, Qing-Dong and Jiang, Hua and Liu, Haiwen and Sun, Qing-Feng and Xie, X. C.},
  journal = {Phys. Rev. B},
  volume = {93},
  issue = {19},
  pages = {195165},
  numpages = {12},
  year = {2016},
  month = {May},
  publisher = {American Physical Society},
  doi = {10.1103/PhysRevB.93.195165},
  url = {https://link.aps.org/doi/10.1103/PhysRevB.93.195165}
}


@article{HilbertHistor,
  doi = {10.48550/arxiv.0904.1578},
  url = {https://arxiv.org/abs/0904.1578},
  author = {Loinger, Angelo and Marsico, Tiziana},
  keywords = {General Physics (physics.gen-ph), FOS: Physical sciences, FOS: Physical sciences},
  title = {On Hilbert's gravitational repulsion (A historical Note)},
  publisher = {arxiv},
  year = {2009},
  copyright = {arxiv.org perpetual, non-exclusive license}
}


@article{EventHorizonTelescope:2019dse,
    author = "Akiyama, Kazunori and others",
    collaboration = "Event Horizon Telescope",
    title = "{First M87 Event Horizon Telescope Results. I. The Shadow of the Supermassive Black Hole}",
    archivePrefix = "arxiv",
    primaryClass = "astro-ph.GA",
    doi = "10.3847/2041-8213/ab0ec7",
    journal = "Astrophys. J. Lett.",
    volume = "875",
    pages = "L1",
    year = "2019"
}

@article{Hilbert,
  title     = { },
  journal= {Nachrichten von der Gesellschaft der Wissenschaften zu Göttingen, Mathematisch-Physikalische Klasse },
  pages={395},
  publisher = {  },
 year      = { 1915 }, 
 address   = {  },
 url = { https://www.digizeitschriften.de/id/252457811_1915|log1 }}
 
 


 
 @article{Claudel_2001,
	doi = {10.1063/1.1308507},
  
	year = 2001,
	publisher = {{AIP} Publishing},
  
	volume = {42},
  
	pages = {818},
  
	author = {Clarissa-Marie Claudel and K. S. Virbhadra and G. F. R. Ellis},
  
	title = "{The geometry of photon surfaces}",
  
	journal = {Journal of Mathematical Physics}
}
 
@article{Raffaelli_2022,
	doi = {10.1007/jhep03(2022)125},
	year = 2022,
	month = {mar},
	publisher = {Springer Science and Business Media {LLC}
},
	volume = {2022},
	author = {Bernard Raffaelli},
	title = "{Hidden conformal symmetry on the black hole photon sphere}",
	journal = {Journal of High Energy Physics}
} 
 
 @article{Hadar22,
  doi = {10.48550/arxiv.2205.05064},
  url = {https://arxiv.org/abs/2205.05064},
  author = {Hadar, Shahar and Kapec, Daniel and Lupsasca, Alexandru and Strominger, Andrew},
  keywords = {General Relativity and Quantum Cosmology (gr-qc), High Energy Astrophysical Phenomena (astro-ph.HE), High Energy Physics - Theory (hep-th), FOS: Physical sciences, FOS: Physical sciences},
  title = "{Holography of the Photon Ring}",
  publisher = {arxiv},
  year = {2022},
  copyright = {arxiv.org perpetual, non-exclusive license}
}

 
 @article{Cardoso16,
  title = "{Is the Gravitational-Wave Ringdown a Probe of the Event Horizon?}",
  author = {Cardoso, Vitor and Franzin, Edgardo and Pani, Paolo},
  journal = {Phys. Rev. Lett.},
  volume = {116},
  issue = {17},
  pages = {171101},
  numpages = {6},
  year = {2016},
  month = {Apr},
  publisher = {American Physical Society},
  doi = {10.1103/PhysRevLett.116.171101},
  url = {https://link.aps.org/doi/10.1103/PhysRevLett.116.171101}
}

 
 @ARTICLE{Noh21,
       author = {{Noh}, Hansol and {Alsing}, Paul M. and {Ahn}, Doyeol and {Miller}, Warner A. and {Park}, Namkyoo},
        title = "{Quantum mechanical rotation of a photon polarization by Earth's gravitational field}",
      journal = {npj Quantum Information},
         year = 2021,
        month = jan,
       volume = {7},
          eid = {163},
        pages = {163},
          doi = {10.1038/s41534-021-00471-6},
       adsurl = {https://ui.adsabs.harvard.edu/abs/2021npjQI...7..163N},
      adsnote = {Provided by the SAO/NASA Astrophysics Data System}
}


@article{Alsing09,
  doi = {10.48550/arxiv.0902.1399},
  url = {https://arxiv.org/abs/0902.1399},
  author = {Alsing, P. M. and Stephenson, G. J.},
  keywords = {Quantum Physics (quant-ph), General Relativity and Quantum Cosmology (gr-qc), FOS: Physical sciences, FOS: Physical sciences},
  title = {The Wigner rotation for photons in an arbitrary gravitational field},
  publisher = {arxiv},
  year = {2009},
  copyright = {arxiv.org perpetual, non-exclusive license}
}


@article{Duval_2015a,
  title = "{Chiral fermions as classical massless spinning particles}",
  author = {Duval, C. and Horv\'athy, P. A.},
  journal = {Phys. Rev. D},
  volume = {91},
  issue = {4},
  pages = {045013},
  numpages = {13},
  year = {2015},
  month = {Feb},
  publisher = {American Physical Society},
  doi = {10.1103/PhysRevD.91.045013},
  url = {https://link.aps.org/doi/10.1103/PhysRevD.91.045013}
}


@article{Duval_2015b,
title = "{Wigner–Souriau translations and Lorentz symmetry of chiral fermions}",
journal = {Physics Letters B},
volume = {742},
pages = {322-326},
year = {2015},
issn = {0370-2693},
doi = {https://doi.org/10.1016/j.physletb.2015.01.048},
url = {https://www.sciencedirect.com/science/article/pii/S0370269315000581},
author = {C. Duval and M. Elbistan and P.A. Horváthy and P.-M. Zhang}
}


@article{Huang_2019,
	doi = {10.1007/jhep03(2019)084},
	year = 2019,
	month = {mar},
	publisher = {Springer Science and Business Media {LLC}},
	volume = {2019},
	author = {Xu-Guang Huang and Andrey V. Sadofyev},
	title = {Chiral vortical effect for an arbitrary spin},
	journal = {Journal of High Energy Physics}
}


@article{Yamamoto_2017,
  title = {Photonic chiral vortical effect},
  author = {Yamamoto, Naoki},
  journal = {Phys. Rev. D},
  volume = {96},
  issue = {5},
  pages = {051902},
  numpages = {5},
  year = {2017},
  month = {Sep},
  publisher = {American Physical Society},
  doi = {10.1103/PhysRevD.96.051902},
  url = {https://link.aps.org/doi/10.1103/PhysRevD.96.051902}
}


@article{Prokhorov_2020,
  title = {Chiral vortical effect: Black-hole versus flat-space derivation},
  author = {Prokhorov, G. Yu. and Teryaev, O. V. and Zakharov, V. I.},
  journal = {Phys. Rev. D},
  volume = {102},
  issue = {12},
  pages = {121702},
  numpages = {6},
  year = {2020},
  month = {Dec},
  publisher = {American Physical Society},
  doi = {10.1103/PhysRevD.102.121702},
  url = {https://link.aps.org/doi/10.1103/PhysRevD.102.121702}
}


@article{Flachi_2018,
  title = {Chiral vortical effect with finite rotation, temperature, and curvature},
  author = {Flachi, Antonino and Fukushima, Kenji},
  journal = {Phys. Rev. D},
  volume = {98},
  issue = {9},
  pages = {096011},
  numpages = {7},
  year = {2018},
  month = {Nov},
  publisher = {American Physical Society},
  doi = {10.1103/PhysRevD.98.096011},
  url = {https://link.aps.org/doi/10.1103/PhysRevD.98.096011}
}


@article{Liu_2019,
  title = {Chiral kinetic theory in curved spacetime},
  author = {Liu, Yu-Chen and Gao, Lan-Lan and Mameda, Kazuya and Huang, Xu-Guang},
  journal = {Phys. Rev. D},
  volume = {99},
  issue = {8},
  pages = {085014},
  numpages = {11},
  year = {2019},
  month = {Apr},
  publisher = {American Physical Society},
  doi = {10.1103/PhysRevD.99.085014},
  url = {https://link.aps.org/doi/10.1103/PhysRevD.99.085014}
}


@article{Chen_2014,
  title = "{Lorentz Invariance in Chiral Kinetic Theory}",
  author = {Chen, Jing-Yuan and Son, Dam T. and Stephanov, Mikhail A. and Yee, Ho-Ung and Yin, Yi},
  journal = {Phys. Rev. Lett.},
  volume = {113},
  issue = {18},
  pages = {182302},
  numpages = {5},
  year = {2014},
  month = {Oct},
  publisher = {American Physical Society},
  doi = {10.1103/PhysRevLett.113.182302},
  url = {https://link.aps.org/doi/10.1103/PhysRevLett.113.182302}
}


@article{ANDRZEJEWSKI2015417,
title = "{Chiral fermions, massless particles and Poincare covariance}",
journal = {Physics Letters B},
volume = {746},
pages = {417-423},
year = {2015},
issn = {0370-2693},
doi = {https://doi.org/10.1016/j.physletb.2015.05.035},
url = {https://www.sciencedirect.com/science/article/pii/S037026931500372X},
author = {Krzysztof Andrzejewski and Agnieszka Kijanka-Dec and Piotr Kosinski and Pawel Maslanka}
}

@article{ZHANG2015507,
title = "{Anomalous Hall effect for semiclassical chiral fermions}",
journal = {Physics Letters A},
volume = {379},
pages = {507-510},
year = {2015},
issn = {0375-9601},
doi = {https://doi.org/10.1016/j.physleta.2014.12.003},
url = {https://www.sciencedirect.com/science/article/pii/S0375960114012225},
author = {Pengming Zhang and P.A. Horvathy}
}


@article{ELBISTAN2015502,
title = "{Anomalous properties of spin-extended chiral fermions}",
journal = {Physics Letters B},
volume = {749},
pages = {502-506},
year = {2015},
issn = {0370-2693},
doi = {https://doi.org/10.1016/j.physletb.2015.08.034},
url = {https://www.sciencedirect.com/science/article/pii/S0370269315006358},
author = {M. Elbistan and P.A. Horvathy}
}


@article{Stepanov12,
  title = {Chiral Kinetic Theory},
  author = {Stephanov, M. A. and Yin, Y.},
  journal = {Phys. Rev. Lett.},
  volume = {109},
  issue = {16},
  pages = {162001},
  numpages = {5},
  year = {2012},
  month = {Oct},
  publisher = {American Physical Society},
  doi = {10.1103/PhysRevLett.109.162001},
  url = {https://link.aps.org/doi/10.1103/PhysRevLett.109.162001}
}

@article{Bliokh04,
	doi = {10.1016/j.physleta.2004.10.035},
	year = 2004,
	month = {dec},
	publisher = {Elsevier {BV}
},
	volume = {333},
	pages = {181--186},
	author = {K.Yu. Bliokh and Yu.P. Bliokh},
	title = "{Topological spin transport of photons: the optical Magnus effect and Berry phase}",
	journal = {Physics Letters A}
}



@article{Bliokh_2005,
	doi = {10.1209/epl/i2005-10205-1},
	year = 2005,
	month = {oct},
	publisher = {{IOP} Publishing},
	volume = {72},
	pages = {7--13},
	author = {K. Yu Bliokh},
	title = "{Topological spin transport of a relativistic electron}",
	journal = {Europhysics Letters ({EPL})}
}

@article{Bliokh06,
  title = "{Polarization transport of transverse acoustic waves: Berry phase and spin Hall effect of phonons}",
  author = {Bliokh, K. Yu. and Freilikher, V. D.},
  journal = {Phys. Rev. B},
  volume = {74},
  issue = {17},
  pages = {174302},
  numpages = {11},
  year = {2006},
  month = {Nov},
  publisher = {American Physical Society},
  doi = {10.1103/PhysRevB.74.174302},
  url = {https://link.aps.org/doi/10.1103/PhysRevB.74.174302}
}


@article{Onoda04,
  title = "{Hall Effect of Light}",
  author = {Onoda, Masaru and Murakami, Shuichi and Nagaosa, Naoto},
  journal = {Phys. Rev. Lett.},
  volume = {93},
  issue = {8},
  pages = {083901},
  numpages = {4},
  year = {2004},
  month = {Aug},
  publisher = {American Physical Society},
  doi = {10.1103/PhysRevLett.93.083901},
  url = {https://link.aps.org/doi/10.1103/PhysRevLett.93.083901}
}

@article{Berard:2004xn,
    author = "Berard, Alain and Mohrbach, Herve",
    title = "{Non Abelian Berry phase in noncommutative quantum mechanics}",
    eprint = "hep-th/0404165",
    archivePrefix = "arxiv",
    doi = "10.1016/j.physleta.2005.11.071",
    journal = "Phys. Lett. A",
    volume = "352",
    pages = "190--195",
    year = "2006"
}


@article{Harte22,
  title = "{Spin Hall effects and the localization of massless spinning particles}",
  author = {Harte, Abraham I. and Oancea, Marius A.},
  journal = {Phys. Rev. D},
  volume = {105},
  issue = {10},
  pages = {104061},
  numpages = {27},
  year = {2022},
  month = {May},
  publisher = {American Physical Society},
  doi = {10.1103/PhysRevD.105.104061},
  url = {https://link.aps.org/doi/10.1103/PhysRevD.105.104061}
}

@article{Oancea20,
  title = "{Gravitational spin Hall effect of light}",
  author = {Oancea, Marius A. and Joudioux, J\'er\'emie and Dodin, I. Y. and Ruiz, D. E. and Paganini, Claudio F. and Andersson, Lars},
  journal = {Phys. Rev. D},
  volume = {102},
  issue = {2},
  pages = {024075},
  numpages = {20},
  year = {2020},
  month = {Jul},
  publisher = {American Physical Society},
  doi = {10.1103/PhysRevD.102.024075},
  url = {https://link.aps.org/doi/10.1103/PhysRevD.102.024075}
}


@article{Lason-Bolonek:2016yvf,
    author = "Lason-Bolonek, Katarzyna and Kosinski, Piotr and Maslanka, Pawel",
    title = "{Lorentz transformations, sideways shift and massless spinning particles}",
    archivePrefix = "arxiv",
    primaryClass = "hep-th",
    doi = "10.1016/j.physletb.2017.03.034",
    journal = "Phys. Lett. B",
    volume = "769",
    pages = "117--120",
    year = "2017"
}


@ARTICLE{Arjona18,
       author = {{Arjona}, Vicente and {Vozmediano}, Mar{\'\i}a A.~H.},
        title = "{Rotational strain in Weyl semimetals: A continuum approach}",
      journal = {Phys. Rev. B},
     keywords = {Condensed Matter - Mesoscale and Nanoscale Physics},
         year = 2018,
        month = may,
       volume = {97},
          eid = {201404},
        pages = {201404},
          doi = {10.1103/PhysRevB.97.201404}
}

@article{Shitade20,
  title = {Chiral vortical effect in relativistic and nonrelativistic systems},
  author = {Shitade, Atsuo and Mameda, Kazuya and Hayata, Tomoya},
  journal = {Phys. Rev. B},
  volume = {102},
  issue = {20},
  pages = {205201},
  numpages = {6},
  year = {2020},
  month = {Nov},
  publisher = {American Physical Society},
  doi = {10.1103/PhysRevB.102.205201},
  url = {https://link.aps.org/doi/10.1103/PhysRevB.102.205201}
}


@article{Shi21,
  title = {From chiral kinetic theory to relativistic viscous spin hydrodynamics},
  author = {Shi, Shuzhe and Gale, Charles and Jeon, Sangyong},
  journal = {Phys. Rev. C},
  volume = {103},
  issue = {4},
  pages = {044906},
  numpages = {17},
  year = {2021},
  month = {Apr},
  publisher = {American Physical Society},
  doi = {10.1103/PhysRevC.103.044906},
  url = {https://link.aps.org/doi/10.1103/PhysRevC.103.044906}
}


@article{Lapa_2019,
  title = "{Semiclassical wave packet dynamics in nonuniform electric fields}",
  author = {Lapa, Matthew F. and Hughes, Taylor L.},
  journal = {Phys. Rev. B},
  volume = {99},
  issue = {12},
  pages = {121111},
  numpages = {5},
  year = {2019},
  month = {Mar},
  publisher = {American Physical Society},
  doi = {10.1103/PhysRevB.99.121111},
  url = {https://link.aps.org/doi/10.1103/PhysRevB.99.121111}
}




@article{Kozii_2021,
  title = "{Intrinsic Anomalous Hall Conductivity in a Nonuniform Electric Field}",
  author = {Kozii, Vladyslav and Avdoshkin, Alexander and Zhong, Shudan and Moore, Joel E.},
  journal = {Phys. Rev. Lett.},
  volume = {126},
  issue = {15},
  pages = {156602},
  numpages = {6},
  year = {2021},
  month = {Apr},
  publisher = {American Physical Society},
  doi = {10.1103/PhysRevLett.126.156602},
  url = {https://link.aps.org/doi/10.1103/PhysRevLett.126.156602}
}

@article{Nagaosa10,
  title = {Anomalous Hall effect},
  author = {Nagaosa, Naoto and Sinova, Jairo and Onoda, Shigeki and MacDonald, A. H. and Ong, N. P.},
  journal = {Rev. Mod. Phys.},
  volume = {82},
  issue = {2},
  pages = {1539--1592},
  numpages = {0},
  year = {2010},
  month = {May},
  publisher = {American Physical Society},
  doi = {10.1103/RevModPhys.82.1539},
  url = {https://link.aps.org/doi/10.1103/RevModPhys.82.1539}
}

@article{Tchoumakov16,
  title = "{Magnetic-Field-Induced Relativistic Properties in Type-I and Type-II Weyl Semimetals}",
  author = {Tchoumakov, Serguei and Civelli, Marcello and Goerbig, Mark O.},
  journal = {Phys. Rev. Lett.},
  volume = {117},
  issue = {8},
  pages = {086402},
  numpages = {5},
  year = {2016},
  month = {Aug},
  publisher = {American Physical Society},
  doi = {10.1103/PhysRevLett.117.086402},
  url = {https://link.aps.org/doi/10.1103/PhysRevLett.117.086402}
}

@article{Yu16,
  title = "{Predicted Unusual Magnetoresponse in Type-II Weyl Semimetals}",
  author = {Yu, Zhi-Ming and Yao, Yugui and Yang, Shengyuan A.},
  journal = {Phys. Rev. Lett.},
  volume = {117},
  issue = {7},
  pages = {077202},
  numpages = {6},
  year = {2016},
  month = {Aug},
  publisher = {American Physical Society},
  doi = {10.1103/PhysRevLett.117.077202},
  url = {https://link.aps.org/doi/10.1103/PhysRevLett.117.077202}
}

@article{Rostamzadeh19,
  title = "{Large enhancement of conductivity in Weyl semimetals with tilted cones: Pseudorelativity and linear response}",
  author = {Rostamzadeh, Saber and Adagideli, Inanc and Goerbig, Mark Oliver},
  journal = {Phys. Rev. B},
  volume = {100},
  issue = {7},
  pages = {075438},
  numpages = {13},
  year = {2019},
  month = {Aug},
  publisher = {American Physical Society},
  doi = {10.1103/PhysRevB.100.075438},
  url = {https://link.aps.org/doi/10.1103/PhysRevB.100.075438}
}


@article{Vilenkin80_1,
  title = {Equilibrium parity-violating current in a magnetic field},
  author = {Vilenkin, Alexander},
  journal = {Phys. Rev. D},
  volume = {22},
  issue = {12},
  pages = {3080--3084},
  numpages = {0},
  year = {1980},
  month = {Dec},
  publisher = {American Physical Society},
  doi = {10.1103/PhysRevD.22.3080},
  url = {https://link.aps.org/doi/10.1103/PhysRevD.22.3080}
}


@article{Vilenkin80_2,
  title = {Quantum field theory at finite temperature in a rotating system},
  author = {Vilenkin, Alexander},
  journal = {Phys. Rev. D},
  volume = {21},
  issue = {8},
  pages = {2260--2269},
  numpages = {0},
  year = {1980},
  month = {Apr},
  publisher = {American Physical Society},
  doi = {10.1103/PhysRevD.21.2260},
  url = {https://link.aps.org/doi/10.1103/PhysRevD.21.2260}
}


@article{Basar14,
  title = {Triangle anomaly in Weyl semimetals},
  author = {Ba\ifmmode \mbox{\c{s}}\else \c{s}\fi{}ar, G\"ok\ifmmode \mbox{\c{c}}\else \c{c}\fi{}e and Kharzeev, Dmitri E. and Yee, Ho-Ung},
  journal = {Phys. Rev. B},
  volume = {89},
  issue = {3},
  pages = {035142},
  numpages = {10},
  year = {2014},
  month = {Jan},
  publisher = {American Physical Society},
  doi = {10.1103/PhysRevB.89.035142},
  url = {https://link.aps.org/doi/10.1103/PhysRevB.89.035142}
}

@article{Landsteiner14,
  title = {Anomalous transport of Weyl fermions in Weyl semimetals},
  author = {Landsteiner, Karl},
  journal = {Phys. Rev. B},
  volume = {89},
  issue = {7},
  pages = {075124},
  numpages = {11},
  year = {2014},
  month = {Feb},
  publisher = {American Physical Society},
  doi = {10.1103/PhysRevB.89.075124},
  url = {https://link.aps.org/doi/10.1103/PhysRevB.89.075124}
}


@article{Chernodub14,
  title = {Condensed matter realization of the axial magnetic effect},
  author = {Chernodub, Maxim N. and Cortijo, Alberto and Grushin, Adolfo G. and Landsteiner, Karl and Vozmediano, Mar\'{\i}a A. H.},
  journal = {Phys. Rev. B},
  volume = {89},
  issue = {8},
  pages = {081407},
  numpages = {5},
  year = {2014},
  month = {Feb},
  publisher = {American Physical Society},
  doi = {10.1103/PhysRevB.89.081407},
  url = {https://link.aps.org/doi/10.1103/PhysRevB.89.081407}
}

@article{Rostamzadeh22,
  doi = {10.48550/arxiv.2207.14207},
  url = {https://arxiv.org/abs/2207.14207},
  author = {Rostamzadeh, Saber and Tasdemir, Sevval and Sarisaman, Mustafa and Jafari, S. A. and Goerbig, Mark-Oliver},
  keywords = {Mesoscale and Nanoscale Physics (cond-mat.mes-hall), FOS: Physical sciences, FOS: Physical sciences},
  title = {Tilt induced vortical response and mixed anomaly in inhomogeneous Weyl matter},
  publisher = {arxiv},
  year = {2022},
  copyright = {Creative Commons Attribution 4.0 International}
}

@article{Wurff19,
  title = {Magnetovortical and thermoelectric transport in tilted Weyl metals},
  author = {van der Wurff, E. C. I. and Stoof, H. T. C.},
  journal = {Phys. Rev. B},
  volume = {100},
  issue = {4},
  pages = {045114},
  numpages = {20},
  year = {2019},
  month = {Jul},
  publisher = {American Physical Society},
  doi = {10.1103/PhysRevB.100.045114},
  url = {https://link.aps.org/doi/10.1103/PhysRevB.100.045114}
}


@Article{Volovik2016,
author={Volovik, G. E.},
title="{Black hole and Hawking radiation by type-II Weyl fermions}",
journal={JETP Letters},
year={2016},
month={Nov},
day={01},
volume={104},
pages={645-648},
issn={1090-6487},
doi={10.1134/S0021364016210050},
url={https://doi.org/10.1134/S0021364016210050}
}


@Article{Volovik2017,
author={Volovik, G. E.
and Zhang, K.},
title="{Lifshitz Transitions, Type-II Dirac and Weyl Fermions, Event Horizon and All That}",
journal={Journal of Low Temperature Physics},
year={2017},
month={Dec},
day={01},
volume={189},
pages={276-299},
issn={1573-7357},
doi={10.1007/s10909-017-1817-8},
url={https://doi.org/10.1007/s10909-017-1817-8}
}





@book {Weinberg,
author = {Weinberg, Steven },
title = "{Gravitation and cosmology principles and applications of the general theory of relativity}",
publisher = {Wiley},
year = {1976},
address = { New York}
}


@article{De_Beule_2021,
	title="{{Artificial event horizons in Weyl semimetal heterostructures and their  non-equilibrium signatures}}",
	author={Christophe De Beule and Solofo Groenendijk and Tobias Meng and Thomas L. Schmidt},
	journal={SciPost Phys.},
	volume={11},
	pages={095},
	year={2021},
	publisher={SciPost},
	doi={10.21468/SciPostPhys.11.5.095},
	url={https://scipost.org/10.21468/SciPostPhys.11.5.095},
}


@article{Sabsovich_2022,
  title = "{Hawking fragmentation and Hawking attenuation in Weyl semimetals}",
  author = {Sabsovich, Daniel and Wunderlich, Paul and Fleurov, Victor and Pikulin, Dmitry I. and Ilan, Roni and Meng, Tobias},
  journal = {Phys. Rev. Research},
  volume = {4},
  issue = {1},
  pages = {013055},
  numpages = {11},
  year = {2022},
  month = {Jan},
  publisher = {American Physical Society},
  doi = {10.1103/PhysRevResearch.4.013055},
  url = {https://link.aps.org/doi/10.1103/PhysRevResearch.4.013055}
}



@article{Subramanyan_2021,
	doi = {10.1016/j.aop.2021.168470},
	url = {https://doi.org/10.1016%2Fj.aop.2021.168470},
	year = 2021,
	month = {dec},
	publisher = {Elsevier {BV}
},
	volume = {435},
	pages = {168470},
	author = {Varsha Subramanyan and Suraj S. Hegde and Smitha Vishveshwara and Barry Bradlyn},
	title = "{Physics of the Inverted Harmonic Oscillator: From the lowest Landau level to event horizons}",
	journal = {Annals of Physics}
}

@article{Stone_2013,
	doi = {10.1088/0264-9381/30/8/085003},
	url = {https://doi.org/10.1088%2F0264-9381%2F30%2F8%2F085003},
	year = 2013,
	month = {mar},
	publisher = {{IOP} Publishing},
	volume = {30},
	pages = {085003},
	author = {Michael Stone},
	title = "{An analogue of Hawking radiation in the quantum Hall effect}",
	journal = {Classical and Quantum Gravity}
}

@article{Kedem2020,
  title = "{Black and white holes at material junctions}",
  author = {Kedem, Yaron and Bergholtz, Emil J. and Wilczek, Frank},
  journal = {Phys. Rev. Research},
  volume = {2},
  issue = {4},
  pages = {043285},
  numpages = {6},
  year = {2020},
  month = {Nov},
  publisher = {American Physical Society},
  doi = {10.1103/PhysRevResearch.2.043285},
  url = {https://link.aps.org/doi/10.1103/PhysRevResearch.2.043285}
}


@article{Hegde2019,
  title = "{Quasinormal Modes and the Hawking-Unruh Effect in Quantum Hall Systems: Lessons from Black Hole Phenomena}",
  author = {Hegde, Suraj S. and Subramanyan, Varsha and Bradlyn, Barry and Vishveshwara, Smitha},
  journal = {Phys. Rev. Lett.},
  volume = {123},
  issue = {15},
  pages = {156802},
  numpages = {6},
  year = {2019},
  month = {Oct},
  publisher = {American Physical Society},
  doi = {10.1103/PhysRevLett.123.156802},
  url = {https://link.aps.org/doi/10.1103/PhysRevLett.123.156802}
}

@article{Ma2022,
  title = "{Simple analog of the black-hole information paradox in quantum Hall interfaces}",
  author = {Ma, Ken K. W. and Yang, Kun},
  journal = {Phys. Rev. B},
  volume = {105},
  issue = {4},
  pages = {045306},
  numpages = {11},
  year = {2022},
  month = {Jan},
  publisher = {American Physical Society},
  doi = {10.1103/PhysRevB.105.045306},
  url = {https://link.aps.org/doi/10.1103/PhysRevB.105.045306}
}


@article{Barcel0_2005,
	doi = {10.12942/lrr-2005-12},
	url = {https://doi.org/10.12942%2Flrr-2005-12},
	year = 2005,
	month = {dec},
	publisher = {Springer Science and Business Media {LLC}
},
	volume = {8},
	author = {Carlos Barcel{\'{o}} and Stefano Liberati and Matt Visser},
	title = {Analogue Gravity},
	journal = {Living Reviews in Relativity}
}

@article{Weststrom_2017,
	doi = {10.1103/physrevx.7.041026},
	url = {https://doi.org/10.1103%2Fphysrevx.7.041026},
	year = 2017,
	month = {oct},
	publisher = {American Physical Society ({APS})},
	volume = {7},
	author = {Alex Weststr\"om and Teemu Ojanen},
	title = "{Designer Curved-Space Geometry for Relativistic Fermions in Weyl Metamaterials}",
	journal = {Physical Review X}
}

@book{VolovikHe,
    author = {Volovik, Grigory E.},
    title = "{The Universe in a Helium Droplet}",
    publisher = {Oxford University Press},
    year = {2009},
    month = {02},
    doi = {10.1093/acprof:oso/9780199564842.001.0001},
    url = {https://doi.org/10.1093/acprof:oso/9780199564842.001.0001},
}

@article{Aji2012,
  title = "{Adler-Bell-Jackiw anomaly in Weyl semimetals: Application to pyrochlore iridates}",
  author = {Aji, Vivek},
  journal = {Phys. Rev. B},
  volume = {85},
  issue = {24},
  pages = {241101},
  numpages = {4},
  year = {2012},
  month = {Jun},
  publisher = {American Physical Society},
  doi = {10.1103/PhysRevB.85.241101},
  url = {https://link.aps.org/doi/10.1103/PhysRevB.85.241101}
}

@article{Zyuzin2012,
  title = {Topological response in Weyl semimetals and the chiral anomaly},
  author = {Zyuzin, A. A. and Burkov, A. A.},
  journal = {Phys. Rev. B},
  volume = {86},
  issue = {11},
  pages = {115133},
  numpages = {8},
  year = {2012},
  month = {Sep},
  publisher = {American Physical Society},
  doi = {10.1103/PhysRevB.86.115133},
  url = {https://link.aps.org/doi/10.1103/PhysRevB.86.115133}
}

@article{Grushin2012,
  title = {Consequences of a condensed matter realization of Lorentz-violating QED in Weyl semi-metals},
  author = {Grushin, Adolfo G.},
  journal = {Phys. Rev. D},
  volume = {86},
  issue = {4},
  pages = {045001},
  numpages = {7},
  year = {2012},
  month = {Aug},
  publisher = {American Physical Society},
  doi = {10.1103/PhysRevD.86.045001},
  url = {https://link.aps.org/doi/10.1103/PhysRevD.86.045001}
}

@article{Liu2013,
  title = {Chiral gauge field and axial anomaly in a Weyl semimetal},
  author = {Liu, Chao-Xing and Ye, Peng and Qi, Xiao-Liang},
  journal = {Phys. Rev. B},
  volume = {87},
  issue = {23},
  pages = {235306},
  numpages = {8},
  year = {2013},
  month = {Jun},
  publisher = {American Physical Society},
  doi = {10.1103/PhysRevB.87.235306},
  url = {https://link.aps.org/doi/10.1103/PhysRevB.87.235306}
}

@article{Haldane88,
  title = {Model for a Quantum Hall Effect without Landau Levels: Condensed-Matter Realization of the "Parity Anomaly"},
  author = {Haldane, F. D. M.},
  journal = {Phys. Rev. Lett.},
  volume = {61},
  issue = {18},
  pages = {2015--2018},
  numpages = {0},
  year = {1988},
  month = {Oct},
  publisher = {American Physical Society},
  doi = {10.1103/PhysRevLett.61.2015},
  url = {https://link.aps.org/doi/10.1103/PhysRevLett.61.2015}
}

@article{Arouca2022,
  doi = {10.48550/arxiv.2204.02158},
  url = {https://arxiv.org/abs/2204.02158},
  author = {Arouca, R. and Cappelli, Andrea and Hansson, T. H.},
  title = {Quantum Field Theory Anomalies in Condensed Matter Physics},
  publisher = {arxiv},
  year = {2022}
}

@article{Arouca2022,
	title={{Quantum Field Theory Anomalies in Condensed Matter Physics}},
	author={R. Arouca and Andrea Cappelli and T. H. Hansson},
	journal={SciPost Phys. Lect. Notes},
	pages={62},
	year={2022},
	publisher={SciPost},
	doi={10.21468/SciPostPhysLectNotes.62},
	url={https://scipost.org/10.21468/SciPostPhysLectNotes.62},
}


@book{unruh2007quantum,
  title="{Quantum analogues: from phase transitions to black holes and cosmology}",
  author={Unruh, William and Sch{\"u}tzhold, Ralf},
  volume={718},
  year={2007},
  publisher={Springer}
}

@article{wilczek2009majorana,
  title={Majorana returns},
  author={Wilczek, Frank},
  journal={Nature Physics},
  volume={5},
  pages={614--618},
  year={2009},
  publisher={Nature Publishing Group}
}

@article{MStone2012,
  title = "{Gravitational anomalies and thermal Hall effect in topological insulators}",
  author = {Stone, Michael},
  journal = {Phys. Rev. B},
  volume = {85},
  issue = {18},
  pages = {184503},
  numpages = {10},
  year = {2012},
  month = {May},
  publisher = {American Physical Society},
  doi = {10.1103/PhysRevB.85.184503},
  url = {https://link.aps.org/doi/10.1103/PhysRevB.85.184503}
}

@article{Guan_2017,
	doi = {10.1038/s41535-017-0026-7},
	url = {https://doi.org/10.1038/s41535-017-0026-7},
	year = 2017,
	month = {may},
	publisher = {Springer Science and Business Media {LLC}
},
	volume = {2},
	author = {Shan Guan and Zhi-Ming Yu and Ying Liu and Gui-Bin Liu and Liang Dong and Yunhao Lu and Yugui Yao and Shengyuan A. Yang},
	title = "{Artificial gravity field, astrophysical analogues, and topological phase transitions in strained topological semimetals}",
	journal = {npj Quantum Materials}
}

@article{Huang2018,
  title = "{Black-hole horizon in the Dirac semimetal ${\mathrm{Zn}}_{2}{\mathrm{In}}_{2}{\mathrm{S}}_{5}$}",
  author = {Huang, Huaqing and Jin, Kyung-Hwan and Liu, Feng},
  journal = {Phys. Rev. B},
  volume = {98},
  issue = {12},
  pages = {121110},
  numpages = {6},
  year = {2018},
  month = {Sep},
  publisher = {American Physical Society},
  doi = {10.1103/PhysRevB.98.121110},
  url = {https://link.aps.org/doi/10.1103/PhysRevB.98.121110}
}

@article{Liang2019,
  title = "{Curved spacetime theory of inhomogeneous Weyl materials}",
  author = {Liang, Long and Ojanen, Teemu},
  journal = {Phys. Rev. Research},
  volume = {1},
  issue = {3},
  pages = {032006},
  numpages = {6},
  year = {2019},
  month = {Oct},
  publisher = {American Physical Society},
  doi = {10.1103/PhysRevResearch.1.032006},
  url = {https://link.aps.org/doi/10.1103/PhysRevResearch.1.032006}
}

@article{Hashimoto2020,
  title = "{Escape from black hole analogs in materials: Type-II Weyl semimetals and generic edge states}",
  author = {Hashimoto, Koji and Matsuo, Yoshinori},
  journal = {Phys. Rev. B},
  volume = {102},
  issue = {19},
  pages = {195128},
  numpages = {9},
  year = {2020},
  month = {Nov},
  publisher = {American Physical Society},
  doi = {10.1103/PhysRevB.102.195128},
  url = {https://link.aps.org/doi/10.1103/PhysRevB.102.195128}
}


@article{Zubkov_2018,
	doi = {10.3390/universe4120135},
	url = {https://doi.org/10.3390%2Funiverse4120135},
	year = 2018,
	month = {nov},
	publisher = {{MDPI} {AG}
},
	volume = {4},
	pages = {135},
	author = {Mikhail Zubkov},
	title = "{Analogies between the Black Hole Interior and the Type {II} Weyl Semimetals}",
	journal = {Universe}
}

@article{Ferreiros2019,
  title = "{Mixed Axial-Torsional Anomaly in Weyl Semimetals}",
  author = {Ferreiros, Yago and Kedem, Yaron and Bergholtz, Emil J. and Bardarson, Jens H.},
  journal = {Phys. Rev. Lett.},
  volume = {122},
  issue = {5},
  pages = {056601},
  numpages = {6},
  year = {2019},
  month = {Feb},
  publisher = {American Physical Society},
  doi = {10.1103/PhysRevLett.122.056601},
  url = {https://link.aps.org/doi/10.1103/PhysRevLett.122.056601}
}


@article{Morice21,
  title = "{Synthetic gravitational horizons in low-dimensional quantum matter}",
  author = {Morice, Corentin and Moghaddam, Ali G. and Chernyavsky, Dmitry and van Wezel, Jasper and van den Brink, Jeroen},
  journal = {Phys. Rev. Research},
  volume = {3},
  issue = {2},
  pages = {L022022},
  numpages = {6},
  year = {2021},
  month = {Jun},
  publisher = {American Physical Society},
  doi = {10.1103/PhysRevResearch.3.L022022},
  url = {https://link.aps.org/doi/10.1103/PhysRevResearch.3.L022022}
}

@article{Ghimire2019,
  title = {Creating Weyl nodes and controlling their energy by magnetization rotation},
  author = {Ghimire, Madhav Prasad and Facio, Jorge I. and You, Jhih-Shih and Ye, Linda and Checkelsky, Joseph G. and Fang, Shiang and Kaxiras, Efthimios and Richter, Manuel and van den Brink, Jeroen},
  journal = {Phys. Rev. Research},
  volume = {1},
  issue = {3},
  pages = {032044},
  numpages = {7},
  year = {2019},
  month = {Dec},
  publisher = {American Physical Society},
  doi = {10.1103/PhysRevResearch.1.032044},
  url = {https://link.aps.org/doi/10.1103/PhysRevResearch.1.032044}
}


@article{Liang20,
  title = {Topological magnetotorsional effect in Weyl semimetals},
  author = {Liang, Long and Ojanen, Teemu},
  journal = {Phys. Rev. Research},
  volume = {2},
  issue = {2},
  pages = {022016},
  numpages = {6},
  year = {2020},
  month = {Apr},
  publisher = {American Physical Society},
  doi = {10.1103/PhysRevResearch.2.022016},
  url = {https://link.aps.org/doi/10.1103/PhysRevResearch.2.022016}
}


@article{Mathisson:1937,
    author = "Mathisson, Myron",
    title = "{Neue mechanik materieller systemes}",
    journal = "Acta Phys. Polon.",
    volume = "6",
    pages = "163--2900",
    year = "1937"
}


@article{Dixon:1970,
    author = "Dixon, W. G.",
    title = "{Dynamics of extended bodies in general relativity. I. Momentum and angular momentum}",
    doi = "10.1098/rspa.1970.0020",
    journal = "Proc. Roy. Soc. Lond. A",
    volume = "314",
    pages = "499--527",
    year = "1970"
}


@article{Papapetrou,
    author = {Papapetrou, A.},
    title = "{Spinning test-particles in general relativity. I}",
    journal = {Proc. Roy. Soc. Lond. A},
    volume = "209",
    pages = "248",
    year = "1951",
    url = {https://doi.org/10.1098/rspa.1951.0200},
    doi = {10.1098/rspa.1951.0200}
}

@article{Groth2014,
  title = "{Kwant: a software package for quantum transport}",
  doi = {10.1088/1367-2630/16/6/063065},
  url = {https://doi.org/10.1088/1367-2630/16/6/063065},
  year = {2014},
  month = jun,
  publisher = {{IOP} Publishing},
  volume = {16},
  pages = {063065},
  author = {Christoph W Groth and Michael Wimmer and Anton R Akhmerov and Xavier Waintal},
  journal = {New Journal of Physics}
}



@article{Xiao2010,
  title = "{Berry phase effects on electronic properties}",
  author = {Xiao, Di and Chang, Ming-Che and Niu, Qian},
  journal = {Rev. Mod. Phys.},
  volume = {82},
  issue = {3},
  pages = {1959--2007},
  numpages = {0},
  year = {2010},
  month = {Jul},
  publisher = {American Physical Society},
  doi = {10.1103/RevModPhys.82.1959},
  url = {https://link.aps.org/doi/10.1103/RevModPhys.82.1959}
}
}

@book{taylor2005classical,
  title={Classical Mechanics},
  author={Taylor, J.R.},
  isbn={9781891389221},
  year={2005},
  publisher={University Science Books}
}




@article{neto2009review,
  title = "{The electronic properties of graphene}",
  author = {Castro Neto, A. H. and Guinea, F. and Peres, N. M. R. and Novoselov, K. S. and Geim, A. K.},
  journal = {Rev. Mod. Phys.},
  volume = {81},
  issue = {1},
  pages = {109--162},
  numpages = {0},
  year = {2009},
  month = {Jan},
  publisher = {American Physical Society},
  doi = {10.1103/RevModPhys.81.109},
  url = {https://link.aps.org/doi/10.1103/RevModPhys.81.109}
}



@article{armitage2018review,
  title = "{Weyl and Dirac semimetals in three-dimensional solids}",
  author = {Armitage, N. P. and Mele, E. J. and Vishwanath, Ashvin},
  journal = {Rev. Mod. Phys.},
  volume = {90},
  issue = {1},
  pages = {015001},
  numpages = {57},
  year = {2018},
  month = {Jan},
  publisher = {American Physical Society},
  doi = {10.1103/RevModPhys.90.015001},
  url = {https://link.aps.org/doi/10.1103/RevModPhys.90.015001}
}



@article{katsnelson2006kleintunneling,
  title = "{Chiral tunnelling and the Klein paradox in graphene}",
  author = {Katsnelson, M. I. and Novoselov, K. S. and Geim, A. K.},
  journal = {Nature Physics},
  volume = {2},
  pages = {620},
  year = {2006},
  doi = {10.1038/nphys384},
  url = {https://doi.org/10.1038/nphys384}
}


@article{adler1969,
  title = "{Axial-Vector Vertex in Spinor Electrodynamics}",
  author = {Adler, Stephen L.},
  journal = {Phys. Rev.},
  volume = {177},
  issue = {5},
  pages = {2426--2438},
  numpages = {0},
  year = {1969},
  month = {Jan},
  publisher = {American Physical Society},
  doi = {10.1103/PhysRev.177.2426},
  url = {https://link.aps.org/doi/10.1103/PhysRev.177.2426}
}

@article{nielsen1983,
title = "{The Adler-Bell-Jackiw anomaly and Weyl fermions in a crystal}",
journal = {Physics Letters B},
volume = {130},
pages = {389},
year = {1983},
issn = {0370-2693},
doi = {https://doi.org/10.1016/0370-2693(83)91529-0},
url = {https://www.sciencedirect.com/science/article/pii/0370269383915290},
author = {H.~B. Nielsen and Masao Ninomiya}
}


@article{bell70,
  title = "{A PCAC puzzle: $\pi^0\to\gamma\gamma$ in the $\sigma$-model}",
  author = {Bell, J. S. and Jackiw, R.},
  journal = {Il Nuovo Cimento A},
  volume = {60},
  pages = {47},
  year = {1970},
  doi = {10.1007/BF02823296},
  url = {https://doi.org/10.1007/BF02823296}
}


@article{knoll2020,
  title = "{Negative longitudinal magnetoconductance at weak fields in Weyl semimetals}",
  author = {Knoll, Andy and Timm, Carsten and Meng, Tobias},
  journal = {Phys. Rev. B},
  volume = {101},
  issue = {20},
  pages = {201402},
  numpages = {5},
  year = {2020},
  month = {May},
  publisher = {American Physical Society},
  doi = {10.1103/PhysRevB.101.201402},
  url = {https://link.aps.org/doi/10.1103/PhysRevB.101.201402}
}


@article{behrends2019,
  title = "{Landau levels, Bardeen polynomials, and Fermi arcs in Weyl semimetals: Lattice-based approach to the chiral anomaly}",
  author = {Behrends, Jan and Roy, Sthitadhi and Kolodrubetz, Michael H. and Bardarson, Jens H. and Grushin, Adolfo G.},
  journal = {Phys. Rev. B},
  volume = {99},
  issue = {14},
  pages = {140201},
  numpages = {6},
  year = {2019},
  month = {Apr},
  publisher = {American Physical Society},
  doi = {10.1103/PhysRevB.99.140201},
  url = {https://link.aps.org/doi/10.1103/PhysRevB.99.140201}
}


@article{stone2018mixed,
  title = "{Mixed anomalies: Chiral vortical effect and the Sommerfeld expansion}",
  author = {Stone, Michael and Kim, JiYoung},
  journal = {Phys. Rev. D},
  volume = {98},
  issue = {2},
  pages = {025012},
  numpages = {12},
  year = {2018},
  month = {Jul},
  publisher = {American Physical Society},
  doi = {10.1103/PhysRevD.98.025012},
  url = {https://link.aps.org/doi/10.1103/PhysRevD.98.025012}
}


@article{gooth2017experimental,
  title="{Experimental signatures of the mixed axial–gravitational anomaly in the Weyl semimetal NbP}",
  author={Gooth, Johannes and Niemann, Anna C. and Meng, Tobias and Grushin, Adolfo G. and Landsteiner, Karl and Gotsmann, Bernd and Menges, Fabian and Schmidt, Marcus and Shekhar, Chandra and S\"u{\ss}, Vicky and H\"uhne, Ruben and Rellinghaus, Bernd and Felser, Claudia and Yan, Binghai and Nielsch, Kornelius},
  journal={Nature},
  volume={547},
  pages={324--327},
  year={2017},
  url = {https://doi.org/10.1038/nature23005},
  doi = {10.1038/nature23005},
  publisher={Nature Publishing Group}
}

@article{vu2021thermal,
  title="{Thermal chiral anomaly in the magnetic-field-induced ideal Weyl phase of Bi$_{1-x}$Sb$_x$}",
  author={Vu, Dung and Zhang, Wenjuan and {\c{S}}ahin, C{\"u}neyt and Flatt{\'e}, Michael E and Trivedi, Nandini and Heremans, Joseph P},
  journal={Nature Materials},
  volume={20},
  pages={1525--1531},
  year={2021},
  doi = {10.1038/s41563-021-00983-8},
  url = {https://doi.org/10.1038/s41563-021-00983-8},
  publisher={Nature Publishing Group}
}


@article{bermond2022,
  doi = {10.48550/arxiv.2206.08784},
  url = {https://arxiv.org/abs/2206.08784},
  author = {Bermond, Baptiste and Chernodub, Maxim and Grushin, Adolfo G. and Carpentier, David},
   title = "{Anomalous Luttinger equivalence between temperature and curved spacetime: From black hole's atmosphere to thermal quenches}",
  publisher = {arxiv},
  year = {2022}
}



@article{volovik2014,
title = "{Emergent Weyl spinors in multi-fermion systems}",
journal = {Nuclear Physics B},
volume = {881},
pages = {514-538},
year = {2014},
issn = {0550-3213},
doi = {10.1016/j.nuclphysb.2014.02.018},
url = {https://www.sciencedirect.com/science/article/pii/S0550321314000613},
author = {G.E. Volovik and M.A. Zubkov}
}



@article{huhtala2002,
  title = "{Fermionic microstates within the Painlev\'e-Gullstrand black hole}",
  author = {Huhtala, P. and Volovik, G. E.},
  journal = {J. Exp. Theor. Phys.},
  volume = {94},
  pages = {853},
  year = {2002},
  doi = {10.1134/1.1484981},
  url = {https://doi.org/10.1134/1.1484981}
}


@article{konye2022,
  doi = {10.48550/arxiv.2206.04138},
  url = {https://arxiv.org/abs/2206.04138},
  author = {K\"onye, Viktor and Morice, Corentin and Chernyavsky, Dmitry and Moghaddam, Ali G. and Brink, Jeroen van den and van Wezel, Jasper},  
  title = "{Horizon physics of quasi-one-dimensional tilted Weyl cones on a lattice}",
  publisher = {arxiv},
  year = {2022}
}



@article{morice_2021_dynamics,
  doi = {10.48550/arxiv.2112.12827}, 
  url = {https://arxiv.org/abs/2112.12827},
  author = {Morice, Corentin and Chernyavsky, Dmitry and van Wezel, Jasper and Brink, Jeroen van den and Moghaddam, Ali G.},
 title = "{Quantum dynamics in 1D lattice models with synthetic horizons}",
  publisher = {arxiv},
  year = {2021}
}


@article{mertens_unruh_2022,
  doi = {10.48550/arxiv.2206.08041},
  url = {https://arxiv.org/abs/2206.08041},
  author = {Mertens, Lotte and Moghaddam, Ali G. and Chernyavsky, Dmitry and Morice, Corentin and Brink, Jeroen van den and van Wezel, Jasper},
  title = "{Thermalization by a synthetic horizon}",
  publisher = {arxiv},
  year = {2022}
}


@article{sonspivak2013,
  title = "{Chiral anomaly and classical negative magnetoresistance of Weyl metals}",
  author = {Son, D. T. and Spivak, B. Z.},
  journal = {Phys. Rev. B},
  volume = {88},
  issue = {10},
  pages = {104412},
  numpages = {4},
  year = {2013},
  month = {Sep},
  publisher = {American Physical Society},
  doi = {10.1103/PhysRevB.88.104412},
  url = {https://link.aps.org/doi/10.1103/PhysRevB.88.104412}
}



@article{gosselin,
  title = {Spin Hall effect of photons in a static gravitational field},
  author = {Gosselin, Pierre and B\'erard, Alain and Mohrbach, Herv\'e},
  journal = {Phys. Rev. D},
  volume = {75},
  issue = {8},
  pages = {084035},
  numpages = {6},
  year = {2007},
  month = {Apr},
  publisher = {American Physical Society},
  doi = {10.1103/PhysRevD.75.084035},
  url = {https://link.aps.org/doi/10.1103/PhysRevD.75.084035}
}


@book {Chandrasekhar,
author = {Chandrasekhar, S.},
title = "{The mathematical theory of black holes}",
publisher = {Clarendon Press/Oxford University Press (International Series of Monographs on Physics.~Volume 69)},
year = {1983}
}


@article{oancea1,
  title = {Gravitational spin Hall effect of light},
  author = {Oancea, Marius A. and Joudioux, J\'er\'emie and Dodin, I. Y. and Ruiz, D. E. and Paganini, Claudio F. and Andersson, Lars},
  journal = {Phys. Rev. D},
  volume = {102},
  issue = {2},
  pages = {024075},
  numpages = {20},
  year = {2020},
  month = {Jul},
  publisher = {American Physical Society},
  doi = {10.1103/PhysRevD.102.024075},
  url = {https://link.aps.org/doi/10.1103/PhysRevD.102.024075}
}

@article{oancea2,
  title = {Spin Hall effects and the localization of massless spinning particles},
  author = {Harte, Abraham I. and Oancea, Marius A.},
  journal = {Phys. Rev. D},
  volume = {105},
  issue = {10},
  pages = {104061},
  numpages = {27},
  year = {2022},
  month = {May},
  publisher = {American Physical Society},
  doi = {10.1103/PhysRevD.105.104061},
  url = {https://link.aps.org/doi/10.1103/PhysRevD.105.104061}
}



@article{ifwdraft,  
author = {K\"onye, Viktor and Mertens, Lotte and   Morice, Corentin and   Chernyavsky, Dmitry and Moghaddam,  Ali G. and  van~Wezel, Jasper and van~den~Brink, Jeroen},
  title = "{Anisotropic optics and gravitational lensing of tilted Weyl fermions}",
    doi = {10.48550/arxiv.2210.16145},
  url = {https://arxiv.org/abs/2210.16145},
  publisher = {arxiv},
  year = {2022}
}

